<collection xmlns="http://www.loc.gov/MARC21/slim">
   <record>
      <leader>01791nam a2200385 i 4500</leader>
      <controlfield tag="001">6665491</controlfield>
      <controlfield tag="005">20140227101603.0</controlfield>
      <controlfield tag="008">140219t20152015mnuab  j      001 0 eng c</controlfield>
      <datafield ind1=" " ind2=" " tag="010">
         <subfield code="a">  2014000338</subfield>
      </datafield>
      <datafield ind1=" " ind2=" " tag="020">
         <subfield code="a">9781467739207 (LB)</subfield>
      </datafield>
      <datafield ind1=" " ind2=" " tag="020">
         <subfield code="a">1467739200 (LB)</subfield>
      </datafield>
      <datafield ind1=" " ind2=" " tag="035">
         <subfield code="a">ocn870986239</subfield>
      </datafield>
      <datafield ind1=" " ind2=" " tag="040">
         <subfield code="a">PSt/DLC</subfield>
         <subfield code="b">eng</subfield>
         <subfield code="e">rda</subfield>
         <subfield code="c">PSt</subfield>
         <subfield code="d">AEC</subfield>
      </datafield>
      <datafield ind1=" " ind2=" " tag="042">
         <subfield code="a">pcc</subfield>
      </datafield>
      <datafield ind1="0" ind2="0" tag="050">
         <subfield code="a">QC995.43</subfield>
         <subfield code="b">.B66 2015</subfield>
      </datafield>
      <datafield ind1="0" ind2="0" tag="082">
         <subfield code="a">551.63</subfield>
         <subfield code="2">23</subfield>
      </datafield>
      <datafield ind1=" " ind2=" " tag="090">
         <subfield code="a">QC 995.43 B66 2015</subfield>
         <subfield code="b">AEC</subfield>
      </datafield>
      <datafield ind1="1" ind2=" " tag="100">
         <subfield code="a">Boothroyd, Jennifer,</subfield>
         <subfield code="d">1972- ,</subfield>
         <subfield code="e">author.</subfield>
         <subfield code="0">http://id.loc.gov/authorities/names/n2005021940</subfield>
         <subfield code="0">http://viaf.org/viaf/78183743</subfield>
      </datafield>
      <datafield ind1="1" ind2="0" tag="245">
         <subfield code="a">What is a forecast? /</subfield>
         <subfield code="c">by Jennifer Boothroyd.</subfield>
      </datafield>
      <datafield ind1=" " ind2="1" tag="264">
         <subfield code="a">Minneapolis :</subfield>
         <subfield code="b">Lerner Publications Company,</subfield>
         <subfield code="c">[2015]</subfield>
      </datafield>
      <datafield ind1=" " ind2="4" tag="264">
         <subfield code="c">©2015</subfield>
      </datafield>
      <datafield ind1=" " ind2=" " tag="300">
         <subfield code="a">24 pages :</subfield>
         <subfield code="b">color illustrations, color maps ;</subfield>
         <subfield code="c">19 cm.</subfield>
      </datafield>
      <datafield ind1=" " ind2=" " tag="336">
         <subfield code="a">text</subfield>
         <subfield code="2">rdacontent</subfield>
         <subfield code="0">http://id.loc.gov/vocabulary/contentTypes/txt</subfield>
      </datafield>
      <datafield ind1=" " ind2=" " tag="337">
         <subfield code="a">unmediated</subfield>
         <subfield code="2">rdamedia</subfield>
         <subfield code="0">http://id.loc.gov/vocabulary/mediaTypes/n</subfield>
      </datafield>
      <datafield ind1=" " ind2=" " tag="338">
         <subfield code="a">volume</subfield>
         <subfield code="2">rdacarrier</subfield>
         <subfield code="0">http://id.loc.gov/vocabulary/carriers/nc</subfield>
      </datafield>
      <datafield ind1="0" ind2=" " tag="490">
         <subfield code="a">First step nonfiction. Let's watch the weather</subfield>
      </datafield>
      <datafield ind1=" " ind2=" " tag="500">
         <subfield code="a">Includes index.</subfield>
      </datafield>
      <datafield ind1="0" ind2=" " tag="505">
         <subfield code="a">Predicting weather -- Forecasts are useful -- Finding a forecast.</subfield>
      </datafield>
      <datafield ind1=" " ind2=" " tag="520">
         <subfield code="a">What does it mean to forecast the weather? How do weather forecasters do their jobs? Readers will learn the ins and outs of weather forecasting in this book.</subfield>
      </datafield>
      <datafield ind1="1" ind2=" " tag="521">
         <subfield code="a">5-8.</subfield>
      </datafield>
      <datafield ind1=" " ind2=" " tag="596">
         <subfield code="a">21</subfield>
      </datafield>
      <datafield ind1=" " ind2="0" tag="650">
         <subfield code="a">Weather forecasting</subfield>
         <subfield code="v">Juvenile literature.</subfield>
         <subfield code="0">http://id.loc.gov/authorities/subjects/sh2010118435</subfield>
      </datafield>
      <datafield ind1=" " ind2=" " tag="758">
         <subfield code="0">http://worldcat.org/entity/work/id/1808148058</subfield>
      </datafield>
      <datafield ind1="0" ind2=" " tag="787">
         <subfield code="n">OCLC Work Id</subfield>
         <subfield code="o">http://worldcat.org/entity/work/id/1808148058</subfield>
      </datafield>
      <datafield ind1=" " ind2=" " tag="926">
         <subfield code="a">QC 995.43 B66 2015</subfield>
         <subfield code="w">LC</subfield>
         <subfield code="c">1</subfield>
         <subfield code="i">33333001300983</subfield>
         <subfield code="d">10/14/2016</subfield>
         <subfield code="e">9/26/2016</subfield>
         <subfield code="l">CURRICULUM</subfield>
         <subfield code="m">CONCORDIA</subfield>
         <subfield code="n">6</subfield>
         <subfield code="r">Y</subfield>
         <subfield code="s">Y</subfield>
         <subfield code="t">CURR_BOOK</subfield>
         <subfield code="u">10/20/2014</subfield>
      </datafield>
   </record>
</collection>
